2107 2969
165 145 1754 228 mwffifflyffiwffiwfflw

644 207 663 248 1
691 219 720 247 N
778 207 820 247 V
846 217 877 247 A
904 218 931 246 τ
959 218 973 245 ι
1004 220 1029 246 c
1055 219 1068 246 1
1100 218 1128 247 N
1157 219 1170 247 ι
1199 218 1256 250 A.

162 209 213 359 ἒ
244 281 307 313 ter
323 284 414 319 eos,
430 284 479 312 ex
493 267 745 329 principio,
760 264 905 313 &fine
928 263 1096 310 suarum
1122 268 1488 329 cogitationum}
1464 265 1538 312 fibi
1558 269 1676 312 uiarn

241 333 296 376 ad
313 348 397 393 cog
400 329 648 376 nolcendos
663 328 831 374 futuros
849 331 987 375 exitus
1003 328 1385 387 Rythrnomantia
1406 333 1670 394 praestruere.

166 366 217 516 Ξ
242 348 552 440 Hancgsecutus
575 395 634 439 est
649 391 928 456 Abbasipse,
948 394 1054 438 dum
1069 394 1329 454 quindec1m
1355 397 1574 457 imagines
1599 410 1676 458 per
1698 360 1751 509 Ξ

244 460 506 520 quindecim
525 473 814 503 numerorum
829 455 1094 501 curriculum
1118 459 1342 520 protraxit.
1359 463 1512 520 ltaque
1523 461 1603 517 (ut
1615 459 1676 504 est

161 521 213 595 ἢ
243 524 293 567 in
321 519 517 567 confeffo
543 522 661 584 apud
687 524 1003 583 omneSqum
1032 537 1152 566 anno
1189 535 1323 576 1277.
1346 521 1576 585 incepisset
1597 538 1676 584 pet

160 573 211 672 ἓ
244 587 509 641 interstitia,
539 584 770 630 interualla
791 588 1066 653 interrupta,
1091 590 1136 631 &
1162 602 1255 630 non
1283 589 1542 630 continuata
1564 584 1672 631 serie

243 652 501 713 quindecies
535 648 774 712 multiplici
803 647 1081 712 aggresfione
1107 652 1280 693 numeri
1307 648 1480 694 illarum
1509 648 1672 711 fignifi-

161 679 212 823 Ε
241 717 436 759 cationes
461 713 623 758 futuras
649 715 785 768 vidit,
809 715 1161 772 vaticinatusque
1190 714 1436 775 produxit,
1464 712 1671 772 sicqueex
1699 673 1757 766 ξ

243 781 462 833 numeris,
490 779 511 821 ὲ
535 780 681 840 primo
707 779 902 841 impari,
930 775 1067 838 usque
1092 778 1145 822 ad
1181 775 1390 821 tltimum
1420 781 1666 840 imparem,
1697 747 1748 819 Q

241 845 411 887 vnitate
440 812 753 898 fi1btraeta,in
781 841 823 886 se
851 842 1023 895 ἀυᾶὶίε,
1042 857 1274 886 numerum
1290 842 1583 886 ducentorum
1600 843 1667 885 vi·
1729 887 1732 890 ⁴

155 832 205 983 Ξ
239 909 564 968 gintiquinque
580 921 801 951 annorum
816 903 1058 958 conclusit,
1079 908 1125 949 in
1150 903 1308 966 qmbus
1323 918 1461 966 quot,
1481 918 1669 965 quanta-
1694 827 1744 975 Ξ

242 987 328 1032 que
349 967 660 1031 superuentura
685 967 820 1014 effent
838 971 925 1014 Dei
948 967 1144 1014 Ecclefiae
1159 967 1297 1029 vsque
1319 970 1372 1013 ad
1395 966 1531 1013 finem
1552 971 1670 1014 Pon-
1711 983 1745 1002 ’ὓ

157 988 208 1139 Ξ
240 1031 425 1078 tificatus
444 1031 686 1078 Alexandri
714 1038 797 1079 VI.
822 1034 1043 1094 praedixit.
1080 1031 1254 1077 Altiora
1281 1031 1551 1095 speculantes
1568 1031 1666 1095 pos
1692 996 1745 1132 ἓ

236 1095 495 1160 sentplura
485 1112 530 1140 in
557 1095 941 1142 mediumafferre:
959 1094 1189 1160 praesertim
1212 1111 1311 1140 cum
1330 1096 1420 1141 haec
1441 1095 1537 1140 satis
1555 1112 1665 1141 con-

237 1164 422 1204 ueniant
438 1176 537 1204 cum
553 1159 840 1206 Hebraeorum
867 1161 1138 1215 Secundeis,
1155 1158 1242 1205 siue
1267 1159 1663 1233 Intelligentijsre*

233 1223 438 1287 gentibus
463 1223 845 1298 orbem,f1uarum
871 1223 1166 1269 Tritthemius
1184 1226 1365 1285 proprio
1398 1227 1481 1268 de
1469 1227 1522 1285 ijs
1550 1224 1660 1271 libro

234 1286 510 1350 conscripto,
530 1291 766 1343 meminit,
784 1290 962 1332 interim
985 1285 1157 1332 silentio
1184 1289 1660 1355 praeteriensquidnam

152 1302 204 1450 Ξ
233 1351 509 1406 occultiores,
531 1356 576 1397 ἀ
597 1348 843 1397 secretiores
868 1349 1158 1395 Hebraeorurn
1185 1348 1400 1412 lapientes
1423 1348 1508 1396 suis
1530 1355 1659 1399 Ziru-
1686 1293 1740 1442 Ξ

228 1415 356 1480 plum
368 1412 658 1462 abscondant
686 1416 816 1461 Certe
831 1414 919 1459 hoc
936 1416 1086 1460 nostro
1103 1415 1276 1459 indicio
1295 1417 1524 1460 veritatem
1539 1420 1658 1464 Vati.

149 1456 202 1608 3
233 1483 340 1541 cinij
357 1478 486 1523 huius
505 1477 693 1540 quisque
706 1481 900 1542 peritus,
917 1481 1177 1524 &acumine
1189 1477 1364 1542 pollens
1380 1495 1430 1523 ex
1450 1477 1628 1526 historia
1643 1514 1658 1536 ,

150 1509 186 1569 ὢ

232 1556 381 1600 eruet,
402 1547 448 1589 δε
462 1541 632 1588 facilius
650 1544 936 1605 praecedentia
957 1541 1204 1604 intelliget,
1227 1544 1281 1588 ad
1303 1541 1621 1606 pseudomagi
1610 1562 1657 1591 in

230 1624 365 1670 quem
379 1561 1024 1668 1nsurg1tScal1oer,stu1t1t1am,
1041 1614 1085 1655 &
1108 1604 1300 1650 haeresim
1315 1613 1658 1666 coarguendam,

229 1676 275 1717 δε
294 1671 350 1715 ad
367 1667 522 1715 seriem
536 1643 896 1733 subsequentium
913 1667 1066 1715 clarius
1090 1671 1473 1730 constituendam,
1487 1674 1532 1718 &
1546 1674 1655 1721 faci-

228 1991 437 2101 Cnos
465 2053 700 2100 Ioachimo
721 2087 735 2107 ‚
763 2055 838 2117 alij
866 2054 1055 2102 Rabano
1079 2057 1253 2101 cuidam
1279 2070 1455 2120 accepta
1478 2057 1646 2115 ferunt,

221 2114 350 2163 suum
385 2120 476 2165 esto
497 2116 708 2181 cuiusque
730 2121 946 2165 iudicium
975 2135 1050 2181 pet
1079 2136 1152 2165 me
1177 2117 1336 2166 sartum
1351 2123 1537 2179 testum,
1547 2139 1651 2169 mo-

218 2179 279 2226 do
301 2179 592 2247 superioribus
613 2185 958 2229 connectantur.
1016 2181 1225 2246 Qorum
1245 2181 1350 2230 serie
1365 2187 1556 2231 eundem
1573 2204 1648 2232 an-

221 2260 383 2292 norum
408 2263 643 2292 numerum
669 2247 813 2294 claudi
836 2246 1087 2302 censemus,
1112 2264 1205 2309 quo
1231 2247 1453 2312 superiora
1464 2252 1649 2296 circum-

221 2305 377 2370 scripta
403 2308 536 2356 sunt:
557 2323 690 2373 atque
720 2315 782 2358 ita
806 2310 958 2374 ijsdem
988 2311 1230 2357 rationibus
1257 2315 1400 2359 dudtis
1428 2314 1483 2359 ad
1514 2330 1644 2375 1277.

221 2371 339 2417 duci:
355 2375 477 2420 cuius
488 2379 663 2421 numeri
678 2379 724 2422 in
740 2374 828 2423 fine
840 2374 995 2422 harum
1006 2377 1350 2425 adnotationum
1363 2376 1645 2441 fignificatio-

1475 2457 1585 2486 nem

218 2497 1660 2558 waeffiwmwffiwfflw

150 1613 214 1764 g
226 1734 312 1782 lius
323 1733 629 1781 enodandam.
1682 1621 1736 1753 ἓ

144 1768 200 1920 Ξ
479 1862 1156 1909 VATICINIVM
1219 1864 1390 1910 XVI
1677 1757 1732 1907 ἒ

146 1925 332 2100 ΞΕ
352 1994 422 2037 Vi
444 2007 474 2036 1>
491 2004 522 2036 A
540 2006 579 2038 M
606 1988 823 2037 Anselmo
842 1989 1064 2055 Episcopo
1081 1989 1383 2038 adscribuntur
1399 1990 1652 2056 sequentia,
1679 1911 1734 2061 Ξ
