2107 2969
162 93 1567 200 mwmeffiffiQfflfflwffi
1592 107 1749 206 w

638 201 657 242 1
682 211 714 241 Ν
763 199 807 241 V
827 211 861 240 A
886 212 915 239 τ
946 211 960 240 1
992 213 1018 240 c
1048 213 1063 241 1
1096 212 1123 241 n
1151 214 1167 241 1
1195 213 1253 245 A.

158 195 211 348 ἒ
241 259 380 305 modb
401 257 547 317 risere,
560 258 634 305 sed
654 264 786 304 etiam
804 260 1120 306 asseruerenihi
1129 261 1142 305 l
1162 276 1304 309 extare
1318 280 1400 310 nec
1416 267 1463 310 in
1483 266 1666 330 Hippo·

161 325 417 407 aedromo,
434 341 518 369 nec
533 323 653 381 alibi,
671 322 744 369 etsi
758 323 968 368 columna
979 327 1168 386 quedam
1185 344 1291 372 aerea
1305 328 1438 374 tribus
1451 328 1666 393 serpenti-

238 386 317 431 bus
340 389 497 432 mutuo
516 390 732 432 connexis
748 387 1004 442 fabrefaeta,
1024 392 1125 434 &in
1149 388 1194 434 su
1234 395 1362 437 enori
1380 409 1498 455 parte
1523 399 1667 459 capita

158 350 211 498 Ξ
237 452 511 497 exerentibus
525 467 735 498 cernatur.
740 453 878 497 Cuius
895 454 985 497 &¹³
955 474 981 496 r
992 465 1104 497 etrus
1117 395 1290 513 Gyll'ius
1304 455 1452 502 Gallus
1469 460 1512 504 di
1518 459 1661 521 ligen—

238 513 424 560 tisfimus
438 514 620 579 [ει-111101
631 519 885 563 meminerit
900 518 945 560 in
968 514 1040 562 sua
1058 517 1518 581 Constantinopoleos
1531 525 1667 587 Topo

234 578 434 643 graphia,
452 580 572 626 illam
591 579 657 625 his
672 579 814 625 uerbis
828 579 1085 626 describens.
1095 580 1172 626 lib.
1184 600 1221 629 2.
1226 598 1319 644 cap.
1336 600 1402 641 ¹3

155 658 209 810 Ξ
302 646 429 689 Extat
439 647 569 689 etiam
582 647 628 690 in
644 648 805 689 eodem
821 647 979 689 ordlne
990 645 1121 690 altera
1134 645 1343 690 columna
1355 664 1475 704 terea,
1492 651 1657 708 striata,

152 1906 192 1926 A

233 770 452 817 rentibus·
440 770 683 835 sedipiris
699 786 830 818 tr1u1n
848 746 1127 835 serpentum,
1144 776 1259 818 inter
1279 772 1322 820 se
1354 778 1660 840 circumplica-

233 847 504 886 tart1n1‚non
526 834 688 882 fiirsum
707 836 849 881 uersus
873 838 1073 892 directis,
1094 836 1167 883 sed
1186 842 1369 884 tottisin
1395 844 1579 887 modum
1597 856 1655 889 to

232 915 405 944 rorum.
462 899 590 962 Quos
611 901 739 946 ualde
771 903 945 945 eminet
954 914 1016 945 tes
1043 904 1298 975 exprimunt
1324 908 1473 965 magui
1500 905 1658 963 funes,

233 960 621 1009 &detinentibus
612 982 658 1009 in
684 981 812 1027 caput
834 970 988 1026 triceps
1015 968 1143 1009 trium
1168 941 1448 1029 serpentum,
1473 985 1658 1030 quarum

230 1030 374 1091 capita
400 1030 446 1072 in
475 1030 653 1090 triquetr
640 1045 728 1074 ram
753 1028 942 1073 formam
969 1028 1065 1090 disp
1072 1028 1176 1073 ofita
1192 1030 1330 1092 longe
1345 1036 1572 1090 eminent,
1590 1034 1657 1080 su-

229 1107 306 1153 pra
323 1091 542 1137 columnae
561 1091 754 1138 torosum
781 1091 981 1155 scapum.
1018 1048 1133 1146 qua·
1125 1093 1325 1140 nobiem
1342 1094 1476 1142 fuerit
1490 1098 1571 1156 hec
1585 1116 1649 1145 co

230 1154 562 1219 lumnapofita,
583 1157 1078 1231 Constantinopolitani
1103 1157 1242 1202 multa
1265 1158 1473 1221 fingunt,
1488 1160 1656 1208 sednu—

225 1223 393 1328 patoria
416 1224 594 1270 omnia,
618 1224 876 1283 ignorantes
910 1223 1131 1266 maiorum
1158 1221 1335 1268 suorum
1365 1227 1610 1273 Historias.

225 1235 347 1328 nter
367 1300 479 1345 quos
499 1259 674 1329 Zofimou
663 1301 698 1328 s
717 1282 861 1329 scribit
877 1285 1219 1331 Constantinum
1242 1304 1453 1348 magnum
1479 1295 1525 1334 in
1540 1295 1653 1355 Hip-

261 1349 451 1393 odromo
481 1347 667 1393 statuiffe
691 1347 937 1410 Apollinis,
955 1348 1168 1408 Delphici
1191 1354 1411 1412 tripodem
1433 1358 1476 1397 in
1511 1353 1649 1418 seiplo

226 1411 462 1457 habentem
487 1411 618 1474 ipfius
642 1411 869 1474 Apollinis
897 1413 1109 1458 statuam.
1159 1416 1381 1459 Sozomei
1390 1433 1436 1460 us
1467 1417 1648 1463 Salami-

224 1478 323 1520 nius
341 1479 561 1539 adiungit,
577 1477 921 1528 Constantinum
953 1493 1043 1520 non
1079 1478 1216 1522 modo
1243 1482 1437 1541 tripodes
1464 1479 1689 1545 Delphi-

223 1556 296 1585 cos
326 1544 373 1584 in
401 1543 723 1604 Hippodromo
759 1558 834 1601 po
823 1538 975 1590 misse,
1005 1539 1075 1585 led
1102 1556 1157 1585 eti
1164 1559 1234 1586 am
1261 1543 1448 1589 celebrat
1435 1544 1647 1593 isfimum

220 1606 305 1667 trip
310 1605 477 1659 odem,
503 1621 645 1665 quem
677 1602 906 1647 Pausanias
945 1606 1332 1662 Lacedemomus,
1356 1624 1487 1670 atque
1509 1610 1648 1657 Vrbes

221 1670 377 1712 Graecae
411 1670 507 1731 post
530 1666 695 1712 bellum
731 1670 961 1712 Medicum
995 1664 1204 1728 Apollini
1237 1670 1462 1745 Delphico
1493 1674 1645 1720 conse-

220 1745 415 1778 crarunt.
464 1729 670 1776 Eusebius
696 1730 849 1775 clarius
868 1733 998 1775 tradit
1018 1733 1364 1780 Constantinum
1391 1739 1438 1781 in
1457 1754 1539 1798 qua
1531 1741 1644 1784 dam

222 1795 641 1856 Constantinopolis
674 1807 795 1858 parte
828 1794 1104 1840 Sminthium
1140 1797 1402 1860 Apollinem
1436 1801 1645 1854 statuilse,

217 1861 264 1904 in
287 1862 608 1924 Hippodromo
621 1873 766 1904 autem
791 1856 1061 1904 constituisse
1082 1861 1295 1918 Pythium
1319 1866 1553 1927 tripodem,
1563 1869 1638 1911 cir-

218 1939 266 1968 ca
286 1939 419 1984 quem
438 1926 653 1986 Serpens
642 1940 688 1968 in
703 1921 835 1984 spiras
852 1922 1131 1969 uolueretur.
1157 1928 1216 1969 Ex
1239 1925 1397 1987 quibus
1413 1927 1690 1976 rierifimile‘

219 1988 393 2033 uidetur
417 1990 637 2051 tripodem
664 1985 790 2032 illurn
814 1989 1018 2033 statutum
1045 1986 1171 2033 fuirse
1192 1987 1317 2052 supra
1344 1991 1458 2036 hanc
1470 1993 1640 2040 colum-

136 2062 189 2215 Ξ
219 2067 322 2096 nam
346 2068 499 2098 aeream
515 2054 785 2115 tricipitem,
805 2065 855 2096 ut
877 2066 965 2096 erat
986 2054 1103 2114 apud
1125 2053 1331 2117 Delphos
1364 2073 1414 2101 ex
1429 2059 1633 2104 Herodo

234 712 329 753 non
347 709 528 769 quidem
556 708 811 754 canaliculis
839 724 963 771 rugas
988 709 1303 754 matronalium
1321 711 1525 757 stolarum
1555 715 1698 761 refe--

172 1069 258 1153 τῦ

1679 1459 1730 1533 ”30
1674 210 1745 1444 wffiwmzwfflffiwm

140 1774 182 1802 ἦ

149 1021 258 1278 Ξ

150 1283 256 1434 Ξ

143 1436 195 1589 3

144 1595 305 1744 Ξ

140 1749 192 1899 3

141 1929 193 2055 ξ

217 2127 292 2171 to,
319 2119 397 2178 qui
430 2117 558 2161 tradit
587 2133 636 2161 ex
670 2087 854 2161 decimis
877 2118 1185 2162 manubiarum
1212 2118 1472 2166 Perficarum
1501 2126 1637 2185 tripo-

214 2180 315 2224 dem
339 2196 517 2227 aureum
552 2178 716 2226 faetum
749 2183 797 2224 in
828 2177 1019 2242 Delphis
1051 2181 1318 2229 collocatum
1349 2184 1474 2230 fuisse
1512 2184 1638 2249 supra

217 2240 463 2306 serpentem
497 2246 735 2307 tricipitem
765 2261 935 2298 aeream,
954 2255 1087 2304 atque
1123 2247 1241 2291 idem
1276 2246 1400 2293 affert
1424 2248 1556 2295 Perfis
1583 2254 1706 2305 ade,

215 2306 380 2353 Plateas
419 2309 548 2354 uictis
583 2310 804 2371 tripodem
839 2323 1021 2352 aureum
1062 2311 1124 2354 i'oi
1157 2325 1373 2374 repertum
1414 2315 1633 2360 redditum

136 2369 339 2505 §faule
367 2376 468 2418 Deo
494 2371 735 2436 Delphico
743 2404 756 2427 ‚
783 2370 1050 2418 infistentem
1078 2372 1204 2435 supra
1235 2376 1450 2440 triplicem
1474 2395 1526 2422 ex
1553 2395 1633 2423 aere

136 2381 1583 2559 cmwmemwffiwffiffissss
1596 2419 1720 2562 sog,

158 2219 191 2241 Q

1668 1617 1726 2402 wfflcwffifflw
